@book{latex,
  author = "水谷 正大",
  title = "LaTeX超入門 : ゼロからはじめる理系の文書作成術",
  year = "2020",
  publisher = "講談社",
}
