@article{ae-article,
  author  = {佐藤竜太, 近藤久},
  journal = {第31回 電気学会東京支部茨城支所研究発表会予稿集},
  pages   = {24},
  title   = {オートエンコーダを用いた特徴量拡張によるネットワーク侵入検知の精度向上},
  year    = {2023}
}
@book{unsupervised,
  title      = {Pythonではじめる教師なし学習: 機械学習の可能性を広げるラベルなしデータの利用},
  author     = {Ankur A. Patel},
  translator = {中田 秀基},
  publisher  = {O'Reilly Japan},
  year       = {2020},
  isbn       = {978-4-87311-910-6},
  pages      = {161-202}
}

@article{autoencoder,
  title     = {Reducing the Dimensionality of Data with Neural Networks},
  author    = {Hinton, Geoffrey E. and Salakhutdinov, R. R.},
  journal   = {Science},
  volume    = {313},
  number    = {5786},
  pages     = {504--507},
  year      = {2006},
  publisher = {AAAS},
  doi       = {10.1126/science.1127647},
  url       = {https://science.sciencemag.org/content/313/5786/504},
  date      = {2006-07-28}
}

@misc{ecoli,
  author       = {Nakai,Kenta},
  title        = {{Ecoli}},
  year         = {1996},
  howpublished = {UCI Machine Learning Repository},
  note         = {{DOI}: https://doi.org/10.24432/C5388M}
}

@misc{kdd99,
  author       = {Stolfo,Salvatore, Fan,Wei, Lee,Wenke, Prodromidis,Andreas, and Chan,Philip},
  title        = {{KDD Cup 1999 Data}},
  year         = {1999},
  howpublished = {UCI Machine Learning Repository},
  note         = {{DOI}: https://doi.org/10.24432/C51C7N}
}

@mastersthesis{pendigits,
  author = {Alimoglu, F.},
  title  = {Combining Multiple Classifiers for Pen-Based Handwritten Digit Recognition},
  school = {Institute of Graduate Studies in Science and Engineering, Bogazici University},
  year   = {1996}
}

@misc{satimage,
  author       = {Srinivasan,Ashwin},
  title        = {{Statlog (Landsat Satellite)}},
  year         = {1993},
  howpublished = {UCI Machine Learning Repository},
  note         = {{DOI}: https://doi.org/10.24432/C55887}
}

@article{thesis1,
  title   = {人工蜂コロニーアルゴリズムによるランダムフォレストとサポートベクトルマシンのハイパーパラメータの最適化と特徴選択},
  author  = {近藤 久 and 浅沼 由馬},
  journal = {人工知能学会論文誌},
  volume  = {34},
  number  = {2},
  pages   = {G-I36 1-11},
  year    = {2019},
  doi     = {10.1527 /tjsai.G-I36}
}

@misc{CreditCardFraudDetectionDataset,
  title        = {Credit Card Fraud Detection Dataset},
  author       = {{Worldline and the Université Libre de Bruxelles (ULB)}},
  year         = {2013},
  howpublished = {\url{https://www.kaggle.com/mlg-ulb/creditcardfraud}}
}

@misc{opticaldigits,
  author       = {Alpaydin,E. and Kaynak,C.},
  title        = {{Optical Recognition of Handwritten Digits}},
  year         = {1998},
  howpublished = {UCI Machine Learning Repository},
  note         = {{DOI}: https://doi.org/10.24432/C50P49}
}

@misc{pendigits,
  title        = {Pen-Based Recognition of Handwritten Digits},
  author       = {Alpaydin, Ethem and Alimoglu, Fikret},
  year         = {1998},
  month        = {July},
  howpublished = {Department of Computer Engineering, Bogazici University, Istanbul, Turkey},
  note         = {Available: \url{http://www.cmpe.boun.edu.tr/~alimoglu/alimoglu.ps.gz}, \url{http://www.cmpe.boun.edu.tr/~alimoglu/tainn96.ps.gz}}
}

@misc{shuttle,
  title        = {{Statlog (Shuttle)}},
  howpublished = {UCI Machine Learning Repository},
  note         = {{DOI}: https://doi.org/10.24432/C5WS31}
}

@misc{abalone,
  author       = {Nash,Warwick, Sellers,Tracy, Talbot,Simon, Cawthorn,Andrew, and Ford,Wes},
  title        = {{Abalone}},
  year         = {1995},
  howpublished = {UCI Machine Learning Repository},
  note         = {{DOI}: https://doi.org/10.24432/C55C7W}
}

@inproceedings{optuna,
  title     = {Optuna: A Next-generation Hyperparameter Optimization Framework},
  author    = {Akiba, Takuya and Sano, Shotaro and Yanase, Toshihiko and Ohta, Takeru and Koyama, Masanori},
  booktitle = {Proceedings of the 25th {ACM} {SIGKDD} International Conference on Knowledge Discovery and Data Mining},
  year      = {2019}
}

@inproceedings{lightgbm,
  author    = {Ke, Guolin and Meng, Qi and Finley, Thomas and Wang, Taifeng and Chen, Wei and Ma, Weidong and Ye, Qiwei and Liu, Tie-Yan},
  booktitle = {Advances in Neural Information Processing Systems},
  editor    = {I. Guyon and U. Von Luxburg and S. Bengio and H. Wallach and R. Fergus and S. Vishwanathan and R. Garnett},
  pages     = {},
  publisher = {Curran Associates, Inc.},
  title     = {LightGBM: A Highly Efficient Gradient Boosting Decision Tree},
  url       = {https://proceedings.neurips.cc/paper_files/paper/2017/file/6449f44a102fde848669bdd9eb6b76fa-Paper.pdf},
  volume    = {30},
  year      = {2017}
}

@misc{yeast,
  author       = {Nakai,Kenta},
  title        = {{Yeast}},
  year         = {1996},
  howpublished = {UCI Machine Learning Repository},
  note         = {{DOI}: https://doi.org/10.24432/C5KG68}
}

@misc{ozonelevel,
  author       = {Zhang，Kun，Fan，Wei， and Yuan，XiaoJing},
  title        = {Ozone Level Detection},
  year         = {2008},
  howpublished = {UCI Machine Learning Repository},
  note         = {{DOI}: https://doi.org/10.24432/C5NG6W}
}

@article{mammography,
  title  = {Imbalanced Classification Model to Detect Mammography Microcalcifications},
  author = {Brownlee, Jason},
  year   = {2020},
  month  = {Aug},
  day    = {21},
  url    = {https://machinelearningmastery.com/imbalanced-classification-model-to-detect-microcalcifications/}
}

@article{proteinhomo,
  author  = {Foussette, Christophe and Hakenjos, Daniel and Scholz, Martin},
  year    = {2004},
  month   = {01},
  pages   = {128-131},
  title   = {KDD-Cup 2004: protein homology task.},
  volume  = {6},
  journal = {SIGKDD Explorations}
}

@misc{letterimg,
  author       = {Slate,David},
  title        = {{Letter Recognition}},
  year         = {1991},
  howpublished = {UCI Machine Learning Repository},
  note         = {{DOI}: https://doi.org/10.24432/C5ZP40}
}

@article{scene,
  title   = {Learning multi-label scene classification},
  journal = {Pattern Recognition},
  volume  = {37},
  number  = {9},
  pages   = {1757-1771},
  year    = {2004},
  issn    = {0031-3203},
  doi     = {https://doi.org/10.1016/j.patcog.2004.03.009},
  url     = {https://www.sciencedirect.com/science/article/pii/S0031320304001074},
  author  = {Matthew R. Boutell and Jiebo Luo and Xipeng Shen and Christopher M. Brown}
}

@misc{uscrime,
  author       = {Redmond,Michael},
  title        = {{Communities and Crime}},
  year         = {2009},
  howpublished = {UCI Machine Learning Repository},
  note         = {{DOI}: https://doi.org/10.24432/C53W3X}
}

@misc{thyroid,
  author       = {Quinlan,Ross},
  title        = {{Thyroid Disease}},
  year         = {1987},
  howpublished = {UCI Machine Learning Repository},
  note         = {{DOI}: https://doi.org/10.24432/C5D010}
}

@misc{careval,
  author       = {Bohanec,Marko},
  title        = {{Car Evaluation}},
  year         = {1997},
  howpublished = {UCI Machine Learning Repository},
  note         = {{DOI}: https://doi.org/10.24432/C5JP48}
}

@misc{spectrometer,
  title        = {{Low Resolution Spectrometer}},
  year         = {1988},
  howpublished = {UCI Machine Learning Repository},
  note         = {{DOI}: https://doi.org/10.24432/C5B02R}
}

@article{smote,
  title   = {SMOTE : Synthetic Minority Over-sampling Technique},
  journal = {Journal of Artificial Intelligence Research},
  year    = {2002},
  volume  = {16},
  pages   = {321-357},
  url     = {https://cir.nii.ac.jp/crid/1573105975316288896}
}

@misc{librasmove,
  author       = {Dias,Daniel, Peres,Sarajane, and Bscaro,Helton},
  title        = {{Libras Movement}},
  year         = {2009},
  howpublished = {UCI Machine Learning Repository},
  note         = {{DOI}: https://doi.org/10.24432/C5GC82}
}

@misc{coil2000,
  author       = {Putten,Peter},
  title        = {{Insurance Company Benchmark (COIL 2000)}},
  year         = {2000},
  howpublished = {UCI Machine Learning Repository},
  note         = {{DOI}: https://doi.org/10.24432/C5630S}
}

@misc{arrhythmia,
  author       = {Guvenir,H., Acar,Burak, Muderrisoglu,Haldun, and Quinlan,R.},
  title        = {{Arrhythmia}},
  year         = {1998},
  howpublished = {UCI Machine Learning Repository},
  note         = {{DOI}: https://doi.org/10.24432/C5BS32}
}

@misc{solarflare,
  title        = {{Solar Flare}},
  year         = {1989},
  howpublished = {UCI Machine Learning Repository},
  note         = {{DOI}: https://doi.org/10.24432/C5530G}
}

@misc{winequality,
  author       = {Cortez,Paulo, Cerdeira,A., Almeida,F., Matos,T., and Reis,J.},
  title        = {{Wine Quality}},
  year         = {2009},
  howpublished = {UCI Machine Learning Repository},
  note         = {{DOI}: https://doi.org/10.24432/C56S3T}
}